<?xml version="1.0" encoding="UTF-8"?><record xmlns="http://www.loc.gov/MARC21/slim" xmlns:cinclude="http://apache.org/cocoon/include/1.0" xmlns:zs="http://www.loc.gov/zing/srw/">
  <leader>01202cz  a2200229n  4500</leader>
  <controlfield tag="001">n  96032276 </controlfield>
  <controlfield tag="003">DLC</controlfield>
  <controlfield tag="005">20130718073824.0</controlfield>
  <controlfield tag="008">960402n| azannaabn          |a aaa      </controlfield>
  <datafield tag="010" ind1=" " ind2=" ">
    <subfield code="a">n  96032276 </subfield>
  </datafield>
  <datafield tag="035" ind1=" " ind2=" ">
    <subfield code="a">(OCoLC)oca04048773</subfield>
  </datafield>
  <datafield tag="040" ind1=" " ind2=" ">
    <subfield code="a">DLC</subfield>
    <subfield code="b">eng</subfield>
    <subfield code="e">rda</subfield>
    <subfield code="c">DLC</subfield>
    <subfield code="d">DLC</subfield>
    <subfield code="d">ICrlF</subfield>
  </datafield>
  <datafield tag="100" ind1="1" ind2=" ">
    <subfield code="a">Smith, Clint</subfield>
    <subfield code="c">(Telecommunications specialist)</subfield>
  </datafield>
  <datafield tag="370" ind1=" " ind2=" ">
    <subfield code="e">N.Y.</subfield>
  </datafield>
  <datafield tag="372" ind1=" " ind2=" ">
    <subfield code="a">Telecommunications</subfield>
  </datafield>
  <datafield tag="375" ind1=" " ind2=" ">
    <subfield code="a">male</subfield>
  </datafield>
  <datafield tag="377" ind1=" " ind2=" ">
    <subfield code="a">eng</subfield>
  </datafield>
  <datafield tag="400" ind1="1" ind2=" ">
    <subfield code="w">nnea</subfield>
    <subfield code="a">Smith, Clint,</subfield>
    <subfield code="c">P.E.</subfield>
  </datafield>
  <datafield tag="670" ind1=" " ind2=" ">
    <subfield code="a">Cellular system design and optimization, c1996:</subfield>
    <subfield code="b">CIP t.p. (Clint Smith, P.E.)</subfield>
  </datafield>
  <datafield tag="670" ind1=" " ind2=" ">
    <subfield code="a">Amazon, July 15, 2013</subfield>
    <subfield code="b">(Clint Smith; Vice President of Communications Consulting Service)</subfield>
  </datafield>
  <datafield tag="670" ind1=" " ind2=" ">
    <subfield code="a">ASI Publishing web site, July 15, 2013</subfield>
    <subfield code="b">(Clint Smith; Clint holds a Masters in Business Administration from Fairleigh Dickinson University, and a Bachelor of Engineering degree from Stevens Institute of Technology. He is also a registered professional engineer and an adjunct professor.  He lives in New York. When he is not working on telecommunication projects, he can usually be found fishing, or tending to his orchard; has also written a novel)</subfield>
  </datafield>
  <datafield tag="670" ind1=" " ind2=" ">
    <subfield code="a">U.S. Copyright Office files, Aug. 31, 2004</subfield>
    <subfield code="b">(Smith, Clint)</subfield>
  </datafield>
</record>